 @inbook{Cui_Guo_Li_Jiang_He_Li_2025, address={Singapore}, series={Lecture Notes in Electrical Engineering}, title={3D Video Compression: A Survey}, volume={1411}, ISBN={978-981-96-4966-2}, url={https://link.springer.com/10.1007/978-981-96-4967-9_117}, DOI={10.1007/978-981-96-4967-9_117}, booktitle={Signal and Information Processing, Networking and Computers}, publisher={Springer Nature Singapore}, author={Cui, Yiming and Guo, Zhibiao and Li, Feibin and Jiang, Bin and He, Qizhen and Li, Qinxuan}, editor={Zou, Jiaqi and Sun, Gang and Wang, Yue and Xu, Lexi}, year={2025}, pages={973–981}, collection={Lecture Notes in Electrical Engineering}, language={en} }
@inbook{He_Yu_Luo_Jiang_Cui_Li_2025, address={Singapore}, series={Lecture Notes in Electrical Engineering}, title={3D Video Compression: A Review}, volume={1411}, ISBN={978-981-96-4966-2}, url={https://link.springer.com/10.1007/978-981-96-4967-9_118}, DOI={10.1007/978-981-96-4967-9_118}, booktitle={Signal and Information Processing, Networking and Computers}, publisher={Springer Nature Singapore}, author={He, Qizhen and Yu, Chaoxin and Luo, Zhen and Jiang, Bin and Cui, Yiming and Li, Feibin}, editor={Zou, Jiaqi and Sun, Gang and Wang, Yue and Xu, Lexi}, year={2025}, pages={982–989}, collection={Lecture Notes in Electrical Engineering}, language={en} }
